<record><leader>00000cas a2200000 a 4500</leader><controlfield tag="001">33363783</controlfield><controlfield tag="008">951025c19769999nyuwr ne      0    0eng c</controlfield><datafield ind1=" " ind2=" " tag="010"><subfield code="a">sn 95071415 </subfield></datafield><datafield ind1=" " ind2=" " tag="040"><subfield code="a">NYS</subfield><subfield code="b">eng</subfield><subfield code="c">NYS</subfield><subfield code="d">OCLCQ</subfield><subfield code="d">OCLCF</subfield><subfield code="d">OCLCO</subfield></datafield><datafield ind1="1" ind2=" " tag="029"><subfield code="a">AU@</subfield><subfield code="b">000025900065</subfield></datafield><datafield ind1=" " ind2=" " tag="042"><subfield code="a">pcc</subfield></datafield><datafield ind1=" " ind2=" " tag="043"><subfield code="a">n-us-ny</subfield></datafield><datafield ind1="0" ind2="4" tag="245"><subfield code="a">The Oyster Bay enterprise-pilot.</subfield></datafield><datafield ind1=" " ind2=" " tag="260"><subfield code="a">Oyster Bay, N.Y. :</subfield><subfield code="b">Community Newspapers,</subfield><subfield code="c">1976-</subfield></datafield><datafield ind1=" " ind2=" " tag="300"><subfield code="a">v.</subfield></datafield><datafield ind1=" " ind2=" " tag="310"><subfield code="a">Weekly</subfield></datafield><datafield ind1="0" ind2=" " tag="362"><subfield code="a">[Vol. 1], no. 1 (Sept. 2, 1976)-</subfield></datafield><datafield ind1=" " ind2=" " tag="500"><subfield code="a">Published in Oyster Bay, N.Y. 1976-1991; and in Mineola, N.Y., 1991-</subfield></datafield><datafield ind1=" " ind2=" " tag="500"><subfield code="a">Jan. 4, 1979 issue is misdated Jan. 4, 1978.</subfield></datafield><datafield ind1=" " ind2=" " tag="515"><subfield code="a">Volume designation added later.</subfield></datafield><datafield ind1=" " ind2=" " tag="588"><subfield code="a">Latest issue consulted: Vol. 3, no. 19 (Jan. 4, 1978).</subfield></datafield><datafield ind1=" " ind2="0" tag="651"><subfield code="a">Oyster Bay (N.Y.)</subfield><subfield code="v">Newspapers.</subfield></datafield><datafield ind1=" " ind2="0" tag="651"><subfield code="a">Mineola (N.Y.)</subfield><subfield code="v">Newspapers.</subfield></datafield><datafield ind1=" " ind2="0" tag="651"><subfield code="a">Nassau County (N.Y.)</subfield><subfield code="v">Newspapers.</subfield></datafield><datafield ind1=" " ind2="7" tag="655"><subfield code="a">Newspapers.</subfield><subfield code="2">fast</subfield><subfield code="0">(OCoLC)fst01423814</subfield></datafield><datafield ind1=" " ind2="7" tag="651"><subfield code="a">New York (State)</subfield><subfield code="z">Mineola.</subfield><subfield code="2">fast</subfield><subfield code="0">(OCoLC)fst01223780</subfield></datafield><datafield ind1=" " ind2="7" tag="651"><subfield code="a">New York (State)</subfield><subfield code="z">Nassau County.</subfield><subfield code="2">fast</subfield><subfield code="0">(OCoLC)fst01205518</subfield></datafield><datafield ind1=" " ind2="7" tag="651"><subfield code="a">New York (State)</subfield><subfield code="z">Oyster Bay.</subfield><subfield code="2">fast</subfield><subfield code="0">(OCoLC)fst01212999</subfield></datafield><datafield ind1=" " ind2=" " tag="752"><subfield code="a">United States</subfield><subfield code="b">New York</subfield><subfield code="c">Nassau</subfield><subfield code="d">Mineola.</subfield></datafield><datafield ind1=" " ind2=" " tag="752"><subfield code="a">United States</subfield><subfield code="b">New York</subfield><subfield code="c">Nassau</subfield><subfield code="d">Oyster Bay.</subfield></datafield></record>